
@misc{ACAP,
    title={Axis Camera Application Platform (ACAP)},
    author={Axis Communications},
    howpublished = {\url{https://www.axis.com/developer-community/acap}},
    note= {Accessed: 2024-09-19}
}
  

}

@website{GDPR,
    title={General Data Protection Regulation},
    author={European Union},
    howpublished = {\url{https://gdprinfo.eu/sv/sv-article-1}},
    note= {Accessed: 2024-09-19}
}
